% Articles
@article{Akyildiz2010,
  author = "Ian F. Akyildiz and David M. Gutierrez-Estevez and Elias Chavarria Reyes",
  journal = "Elsevier Physical Communication",
  month = "Dec",
  number = "4",
  pages = "217-244",
  title = "The evolution to {4G} cellular systems: {LTE-Advanced}",
  volume = "3",
  year = "2010",
}

@article{Ali2009,
  author = "Irfan Ali and Alessio Casati and Kuntal owdhury and Katsutoshi Nishida and Eric Parsons and Stefan Schmid and Rahul Vaidya",
  journal = "{IEEE} Communications Magazine",
  month = "Feb",
  number = "2",
  pages = "58-66",
  title = "Network-Based Mobility Management in the Evolved {3GPP} Core Network",
  volume = "47",
  year = "2009",
}

@article{Arslan2015,
  author = "Mustafa Y. Arslan and Karthikeyan Sundaresan and Sampath Rangarajan",
  journal = "{IEEE} Communications Magazine",
  month = "Jan",
  number = "1",
  pages = "150-156",
  title = "Software-Defined Networking in Cellular Radio Access Networks: Potential and Challenges",
  volume = "53",
  year = "2015",
}

@article{Astudillo2014b,
  author = "Carlos A. Astudillo and Da Fonseca, Nelson L. S.",
  journal = "{IEEE} Wireless Communications",
  month = "Jun",
  number = "3",
  pages = "44-51",
  title = "Standard-Compliant {QoS} Provisioning Scheme for {LTE/EPON} Integrated Networks",
  volume = "21",
  year = "2014",
}

@article{Bernardos2014,
  author = "Carlos J. Bernardos and Antonio de La Oliva and Pablo Serrano and Albert Banchs and Luis M. Contreras and Hao Jin and Juan Carlos Zúñiga",
  journal = "{IEEE} Wireless Communications",
  month = "Jun",
  number = "3",
  pages = "52-61",
  title = "An Architecture for Software Defined Wireless Networking",
  volume = "21",
  year = "2014",
}

@article{Chen2014,
  author = "Tao Chen and Honggang Zhang and Xianfu Chen and Olav Tirkkonen",
  journal = "{IEEE} Wireless Communications",
  month = "Dec",
  number = "6",
  pages = "70-78",
  title = "{SoftMobile}: Control Evolution for Future Heterogeneous Mobile Networks",
  volume = "21",
  year = "2014",
}

@article{Chen2015,
  author = "Tao Chen and Marja Matinmikko and Xianfu Chen and Xuan Zhou and Petri Ahokangas",
  journal = "{IEEE} Communications Magazine",
  month = "Nov",
  number = "11",
  pages = "126-133",
  title = "Software Defined Mobile Networks: Concept, Survey, and Research Directions",
  volume = "53",
  year = "2015",
}

@article{Chundury2008,
  author = "Chundury, Rajesh",
  journal = "Ericsson Review",
  pages = "4--9",
  title = "Mobile broadband backhaul: Addressing the challenge",
  volume = "3",
  year = "2008",
}

@article{Chung2013,
  author = "Chung, Joaquin. and Gonzalez, Grace. and Armuelles, Ivan. and Robles, Tomas. and Alcarria, Ramon. and Morales, Augusto.",
  journal = "{IEEE} Latin America Transactions",
  month = "May",
  number = "3",
  pages = "955-961",
  title = "Experiences and Challenges in Deploying {OpenFlow} over Real Wireless Mesh Networks",
  volume = "11",
  year = "2013",
}

@article{Damnjanovic2011,
  author = "Aleksandar Damnjanovic and  Juan Montojo and Yongbin Wei and Tingfang Ji and Tao Luo and Madhavan Vajapeyam and Taesang Yoo and Osok Song and Durga Malladi",
  journal = "{IEEE} Wireless Communications",
  month = "Jun",
  number = "3",
  pages = "10-21",
  title = "A survey on {3GPP} heterogeneous networks",
  volume = "18",
  year = "2011",
}

@article{David2012,
  author = "Klaus David and Nigel Jefferies",
  journal = "{IEEE} Vehicular Technology Magazine",
  month = "Dec",
  number = "4",
  pages = "26-36",
  title = "Wireless Visions: A Look to the Future by the Fellows of the {WWRF}",
  volume = "7",
  year = "2012",
}

@article{Doumi2013,
  author = "Tewfik Doumi and Mike F. Dolan amd Said Tatesh and Alessio Casati and George Tsirtsis and Kiran Anchan and Dino Flore",
  journal = "{IEEE} Communications Magazine",
  month = "Feb",
  number = "2",
  pages = "106-112",
  title = "{LTE} for Public Safety Networks",
  volume = "51",
  year = "2013",
}

@article{Ekstrom2009,
  author = "Hannes Ekstrom",
  journal = "{IEEE} Communications Magazine",
  month = "Feb",
  number = "2",
  pages = "76-83",
  title = "{QoS} Control in the {3GPP} Evolved Packet System",
  volume = "47",
  year = "2009",
}

@article{Fitzek2001,
  author = "Frank H. P. Fitzek and Martin Reisslein",
  journal = "{IEEE} Network",
  month = "Nov",
  number = "6",
  pages = "40-54",
  title = "{MPEG–4 and H.263} Video Traces for Network Performance Evaluation",
  volume = "15",
  year = "2001",
}

@article{Hasan2013,
  author = "Monowar Hasan and Ekram Hossain and Dusit Niyato",
  journal = "{IEEE} Communications Magazine",
  month = "Jun",
  number = "6",
  pages = "86-93",
  title = "Random Access for Machine-to-Machine Communication in {LTE-Advanced} Networks: Issues and Approaches",
  volume = "51",
  year = "2013",
}

@article{Kim2013,
  author = "Hyojoon Kim and Nick Feamster",
  journal = "{IEEE} Communications Magazine",
  month = "Feb",
  number = "2",
  pages = "114-119",
  title = "Improving Network Management with Software Defined Networking",
  volume = "51",
  year = "2013",
}

@article{Kreutz2015,
  author = "Diego Kreutz and Fernando M. V. Ramos and Paulo Verissimo and Christian Esteve Rothenberg and Siamak Azodolmolky and Steve Uhlig",
  journal = "Proceedings of the {IEEE}",
  month = "Jan",
  number = "1",
  pages = "14-76",
  title = "Software-Defined Networking: A Comprehensive Survey",
  volume = "103",
  year = "2015",
}

@article{Kuklinski2014a,
  author = "Slawomir Kuklinski and Prosper Chemouil",
  journal = "{IEICE} Transactions on Communications",
  month = "Jan",
  number = "1",
  pages = "2-9",
  title = "Network Management Challenges in Software-Defined Networks",
  volume = "E97-B",
  year = "2012",
}

@article{Kyung2015,
  author = "Yeunwoong Kyung and Tri M. Nguyen and Kiwon Hong and Jongkwan Park and Jinwoo Park",
  journal = "{IEEE} Communications Magazine",
  month = "Sep",
  number = "9",
  pages = "108-114",
  title = "Software defined service migration through legacy service integration into {4G} networks and future evolutions",
  volume = "53",
  year = "2015",
}

@article{Mahmoodi2014,
  author = "Toktam Mahmoodi and Srini Seetharaman",
  journal = "{IEEE} Vehicular Technology Magazine",
  month = "Sep",
  number= "3",
  pages= "56-62",
  title = "Traffic Jam: Handling the Increasing volume of Mobile Data Traffic",
  volume= "9",
  year = "2014",
}

@article{McKeown2008,
  author = "Nick McKeown and Tom Anderson and Hari Balakrishnan and Guru Parulkar and Larry Peterson and Jennifer Rexford and Scott Shenker and Jonathan Turner",
  journal = "{ACM SIGCOMM} Computer Communication Review",
  month = "Apr",
  number = "2",
  pages = "69-74",
  title = "{OpenFlow}: Enabling Innovation in Campus Networks",
  volume = "38",
  year = "2008",
}

@article{Nakamura2013,
  author = "Takehiro Nakamura and Satoshi Nagata and Anass Benjebbour and Yoshihisa Kishiyama and Tang Hai and Shen Xiaodong and Yang Ning and Li Nan",
  journal = "{IEEE} Communications Magazine",
  month = "Feb",
  number= "2",
  pages= "98-105",
  title = "Trends in Small Cell Enhancements in {LTE Advanced}",
  volume= "51",
  year = "2013",
}

@article{Nguyen2015,
  author = "Van-Giang Nguyen and Truong-Xuan Do and YoungHan Kim",
  journal = "Wireless Personal Communications",
  month = "Aug",
  pages= "1-38",
  title = "{SDN} and Virtualization-Based {LTE} Mobile Network Architectures: A Comprehensive Survey",
  year = "2015",
}

@article{Pentikousis2013,
  author = "Kostas Pentikousis and Yan Wang and Weihua Hu",
  journal = "{IEEE} Communications Magazine",
  month = "Jul",
  number = "7",
  pages = "44-53",
  title = "{MobileFlow}: Toward Software-Defined Mobile Networks",
  volume = "51",
  year = "2013",
}

@article{Pierucci2015,
  author = "Laura Pierucci",
  journal = "{IEEE} Wireless Communications",
  month = "Aug",
  number = "4",
  pages = "10-16",
  title = "The quality of experience perspective toward {5G} technology",
  volume = "22",
  year = "2015",
}

@article{Qadir2014,
  author = "Junaid Qadir and Nadeem Ahmed and Nauman Ahad",
  journal = "{EURASIP} Journal on Wireless Communications and Networking",
  month = "Oct",
  number = "1",
  title = "Building Programmable Wireless Networks: An Architectural Survey",
  volume = "2014",
  year = "2014",
}

@article{Rinne2010,
  author = "Mika Rinne and Olav Tirkkonen",
  journal = "Elsevier Computer Communications",
  month = "Oct",
  number = "16",
  pages = "1894-1906",
  title = "{LTE}, the radio technology path towards {4G}",
  volume = "33",
  year = "2010",
}

@article{Rost2014,
  author = "Peter Rost and Carlos J. Bernardos and Antonio De Domenico and Marco Di Girolamo and Massinissa Lalam and Andreas Maeder and Dario Sabella and Dirk Wubben",
  journal = "{IEEE} Communications Magazine",
  month = "May",
  number = "5",
  pages = "68-76",
  title = "Cloud Technologies for Flexible {5G} Radio Access Networks",
  volume = "52",
  year = "2014",
}

@article{Sama2015,
  author = "Malla Reddy Sama and Luis M. Contreras and John Kaippallimalil and Ippei Akiyoshi and Haiyang Qian and Hui Ni",
  journal = "{IEEE} Communications Magazine",
  month = "Feb",
  number = "2",
  pages = "107-115",
  title = "Software-Defined Control of the Virtualized Mobile Packet Core",
  volume = "53",
  year = "2015",
}

@article{Sezer2013,
  author = "Sakir Sezer and Sandra Scott-Hayward and Pushpinder Kaur Chouhan and Barbara Fraser and David Lake and Barbara Fraser and David Lake and Marc Miller and Navneet Rao",
  journal = "{IEEE} Communications Magazine",
  month = "Jul",
  number = "7",
  pages = "36-43",
  title = "Are We Ready for {SDN}? Implementation Challenges for Software-Defined Networks",
  volume = "51",
  year = "2013",
}

@article{Sun2015,
  author = "Songlin Sun and Liang Gong and Bo Rong and Kejie Lu",
  journal = "{IEEE} Communications Magazine",
  month = "Nov",
  number = "11",
  pages = "142-147",
  title = "An intelligent {SDN} framework for {5G} heterogeneous networks",
  volume = "53",
  year = "2015",
}

@article{Taleb2015,
  author = "Tarik Taleb and Marius Corici and Carlos Parada and Almerima Jamakovic and Simone Ruffino and Georgios Karagiannis and Thomas Magedanz",
  journal = "{IEEE} Network",
  month = "Mar",
  number= "2",
  pages= "78-88",
  title = "{EASE: EPC} as a service to ease mobile core network deployment over cloud",
  volume= "29",
  year = "2015",
}

@article{Tomovic2014,
  author = "Slavica Tomovic and Milica Pejanovic-Djurisic and Igor Radusinovic",
  journal = "Springer Wireless Personal Communications",
  month = "Oct",
  number= "3",
  pages= "1629-1644",
  title = "{SDN} Based Mobile Networks: Concepts and Benefits",
  volume= "78",
  year = "2014",
}

@article{Vlacheas2013,
  author = "Panagiotis Vlacheas and Raffaele Giaffreda and Vera Stavroulaki and Dimitris Kelaidonis and Vassilis Foteinos and George Poulios and Panagiotis Demestichas and Andrey Somov and Abdur Rahim Biswas and Klaus Moessner",
  journal = "{IEEE} Communications Magazine",
  month = "Jun",
  number = "6",
  pages = "102-111",
  title = "Enabling Smart Cities through a Cognitive Management Framework for the Internet of Things",
  volume = "51",
  year = "2013",
}

@article{Wang2014,
  author = "Cheng-Xiang Wang and Fourat Haider and Xiqi Gao and Xiao-Hu You and Yang Yang and Dongfeng Yuan and Hadi M. Aggoune and Harald Haas and Simon Fletcher and Erol Hepsaydir",
  journal = "{IEEE} Communications Magazine",
  month = "Feb",
  number = "2",
  pages = "122-130",
  title = "Cellular Architecture and Key Technologies for {5G} Wireless Communication Networks",
  volume = "52",
  year = "2014",
}

@article{Wang2015,
  author = "Hucheng Wang and Shanzhi Chen and Hui Xu and Ming Ai and Yan Shi",
  journal = "{IEEE} Network",
  month = "Mar",
  number = "2",
  pages = "16-22",
  title = "{SoftNet}: A Software Defined Decentralized Mobile Network Architecture toward {5G}",
  volume = "29",
  year = "2015",
}

@article{Wu2011,
  author = "Geng Wu and Shilpa Talwar and Kerstin Johnsson and Nageen Himayat and Kevin D. Johnson",
  journal = "{IEEE} Communications Magazine",
  month = "Apr",
  number = "4",
  pages = "36-43",
  title = "{M2M}: From Mobile to Embedded Internet",
  volume = "49",
  year = "2011",
}

@article{Yang2015a,
  author = "Yang, Mao and Li, Yong and Hu, Long and Li, Bo and Jin, Depeng and Chen, Sheng and Yan, Zhongjiang",
  journal = "Mobile Networks and Applications",
  month = "Jun",
  number = "3",
  pages = "400-409",
  title = "Cross-Layer Software-Defined {5G} Network",
  volume = "20",
  year = "2015",
}

@article{Yap2010a,
  author = "Kok-Kiong Yap and Masayoshi Kobayashi and Rob Sherwood and Nikhil Handigol and Te-Yuan Huang and Michael Chan and Nick McKeown",
  journal = "{ACM SIGCOMM} Computer Communication Review",
  month = "Jan",
  number = "1",
  pages = "125-126",
  title = "{OpenRoads}: Empowering research in mobile networks",
  volume = "40",
  year = "2010",
}

@article{Yazici2014,
  author = "Volkan Yazici and Ulas C. Kozat and M. Oguz Sunay",
  journal = "{IEEE} Communications Magazine",
  month = "Nov",
  number = "11",
  pages = "76-85",
  title = "A New Control Plane for {5G} Network Architecture with a Case Study on Unified Handoff, Mobility, and Routing Management",
  volume = "52",
  year = "2014",
}

@article{Yeganeh2013,
  author = "Soheil Hassas Yeganeh and Amin Tootoonchian and Yashar Ganjali",
  journal = "{IEEE} Communications Magazine",
  month = "Feb",
  number = "2",
  pages = "136-141",
  title = "On scalability of software-defined networking",
  volume = "51",
  year = "2013",
}


% Conferences
@inproceedings{Ahmad2013a,
  author = "Ali-Ahmad, Hassan and Cicconetti, Claudio and De la Oliva, Antonio and Draxler, Martin and Gupta, Rohit and Mancuso, Vincenzo and Roullet, Laurent and Sciancalepore, Vincenzo",
  booktitle = "European Workshop on Software Defined Networks (EWSDN)",
  doi = "10.1109/EWSDN.2013.11",
  month = "Oct",
  organization = "IEEE",
  pages = "25-31",
  title = "{CROWD}: An {SDN} Approach for {DenseNets}",
  year = "2013",
}

@inproceedings{Ahmad2013b,
  author = "Ali-Ahmad, Hassan and Claudio Cicconetti and Antonio De la Oliva and Vincenzo Mancuso and Malla Reddy Sama and Pierrick Seite and Sivasothy Shanmugalingam",
  booktitle = "SDN for Future Networks and Services (SDN3FNS)",
  doi = "10.1109/SDN4FNS.2013.6702534",
  month = "Nov",
  organization = "IEEE",
  pages = "1-7",
  title = "An {SDN}-based Network Architecture for Extremely Dense Wireless Networks",
  year = "2013",
}

@inproceedings{Almeida2013,
  author = "Almeida, Erika and Cavalcante, Andre M and Paiva, Rafael C D and Chaves, Fabiano S and Abinader, Fuad M and Vieira, Robson D and Choudhury, Sayantan and Tuomaala, Esa and Doppler, Klaus",
  booktitle = "International Conference on Communications (ICC)",
  doi = "10.1109/ICC.2013.6655388",
  month = "Jun",
  organization = "IEEE",
  pages = "5083-5088",
  title = "Enabling {LTE/WiFi} coexistence by {LTE} blank subframe allocation",
  year = "2013",
}

@inproceedings{An2014,
  author = "Xueli An and Kiess, W. and Perez-Caparros, D.",
  booktitle = "Global Communications Conference (GLOBECOM)",
  doi = "10.1109/GLOCOM.2014.7037150",
  month = "Dec",
  organization = "IEEE",
  pages = "2295-2301",
  title = "Virtualization of cellular network {EPC} gateways based on a scalable {SDN} architecture",
  year = "2014",
}

@inproceedings{Andreev2013,
  author = "Andreev, Sergey and Larmo, Anna and Gerasimenko, Mikhail and Petrov, Vitaly and Galinina, Olga and Tirronen, Tuomas and Torsner, Johan and Koucheryavy, Yevgeni",
  booktitle = "International Conference on Communications (ICC)",
  doi = "10.1109/ICC.2013.6655105",
  month = "Jun",
  organization = "IEEE",
  pages = "3569-3574",
  title = "Efficient small data access for machine-type communications in {LTE}",
  year = "2013",
}

@inproceedings{Astudillo2013,
  author = "Astudillo, Carlos A and Borin, Juliana Freitag and Da Fonseca, Nelson L S",
  booktitle = "Global Communications Conference (GLOBECOM)",
  doi = "10.1109/GLOCOM.2013.6831279",
  month = "Dec",
  organization = "IEEE",
  pages = "1480-1485",
  title = "{LTE} time-domain uplink scheduler for {QoS} provisioning",
  year = "2013",
}

@inproceedings{Astudillo2014a,
  author = "Astudillo, Carlos A and da Fonseca, Nelson LS and Borin, Juliana Freitag",
  booktitle = "Wireless Communications and Networking Conference (WCNC)",
  month = "Apr",
  organization = "IEEE",
  pages = "1409-1414",
  title = "{LTE} Scheduler for {LTE/TDM-EPON} Integrated Networks",
  year = "2014",
  doi = "10.1109/WCNC.2014.6952396",
}

@inproceedings{Balakrishnan2009,
 author = "Balakrishnan, Mahesh and Mohomed, Iqbal and Ramasubramanian, Venugopalan",
 booktitle = "SIGCOMM Conference on Internet Measurement Conference (IMC)",
 doi = "10.1145/1644893.1644928",
 organization = "ACM",
 pages = "294--300",
 title = "Where's That Phone?: Geolocating {IP} Addresses on {3G} Networks",
 year = "2009",
}

@inproceedings{Banerjee2013,
  author = "Banerjee, Arijit and Chen, Xu and Erman, Jeffrey and Gopalakrishnan, Vijay and Lee, Seungjoon and Van Der Merwe, Jacobus",
  booktitle = "International Workshop on Mobility in the Evolving Internet Architecture (MobiArch)",
  doi = "10.1145/2505906.2505907",
  organization = "ACM",
  pages = "11-16",
  title = "{MOCA}: a lightweight mobile cloud offloading architecture",
  year = "2013",
}

@inproceedings{Basta2013a,
  author = "Basta, A. and Kellerer, W. and Hoffmann, M. and Hoffmann, K. and Schmidt, E.-D.",
  booktitle = "SDN for Future Networks and Services (SDN3FNS)",
  doi = "10.1109/SDN4FNS.2013.6702532",
  month = "Nov",
  organization = "IEEE",
  pages = "1-7",
  title = "A Virtual {SDN-Enabled LTE EPC} Architecture: A Case Study for {S-/P-Gateways} Functions",
  year = "2013",
}

@inproceedings{Basta2013c,
  author = "Arsany Basta and Isil Burcu Barla and Marco Hoffmann and Georg Carle",
  booktitle = "International Conference on Communications (ICC)",
  doi = "10.1109/ICC.2013.6654863",
  month = "Jun",
  organization = "IEEE",
  pages = "2251-2255",
  title = "{QoS-aware} optimal resilient virtual networks",
  year = "2013",
}

@inproceedings{Basta2014,
  author = "Basta, Arsany and Kellerer, Wolfgang and Hoffmann, Marco and Morper, Hans Jochen and Hoffmann, Klaus",
  booktitle = "Workshop on All Things Cellular: Operations, Applications, \& Challenges (AllThingsCellular)",
  doi = "10.1145/2627585.2627592",
  month = "Aug",
  organization = "ACM",
  pages = "33-38",
  title = "Applying {NFV} and {SDN} to {LTE} Mobile Core Gateways, the Functions Placement Problem",
  year = "2014",
}

@inproceedings{Bolla2013,
  author = "Bolla, Raffaele and Lombardo, Chiara and Bruschi, Roberto and Podda, Fabio",
  booktitle = "International Conference on Communications (ICC)",
  doi = "10.1109/ICC.2013.6655094",
  month = "Jun",
  organization = "IEEE",
  pages = "3509-3513",
  title = "{OpenFlow} in the small",
  year = "2013",
}

@inproceedings{Chaves2015,
  author = "Chaves, Luciano Jerez and Eichemberger, Vítor Marge and Garcia, Islene Calciolari and Madeira, Edmundo Roberto Mauro",
  booktitle = "International Conference on New Technologies, Mobility and Security (NTMS)",
  doi = "10.1109/NTMS.2015.7266498",
  month = "Jul",
  organization = "IEEE",
  pages = "1-5",
  title = "Integrating {OpenFlow to LTE}: some issues toward {Software-Defined Mobile Networks}",
  year = "2015",
}

@inproceedings{Chen2013,
  author = "Chen, Jiann-Liang and Hsieh, Han-Chuan and Larosa, Yanuarius Teofilus",
  booktitle = "International Conference on Advanced Communication Technology (ICACT)",
  month = "Jan",
  organization = "IEEE",
  pages = "823-827",
  title = "Congestion control optimization of {M2M in LTE} networks",
  year = "2013",
}

@inproceedings{Cho2014,
  author = "Cho, Junguk and Nguyen, Binh and Banerjee, Arijit and Ricci, Robert and Van der Merwe, Jacobus and Webb, Kirk",
  booktitle = "Workshop on All Things Cellular: Operations, Applications, \& Challenges (AllThingsCellular)",
  doi = "10.1145/2627585.2627595",
  organization = "ACM",
  pages = "21-26",
  title = "{SMORE}: Software-defined Networking Mobile Offloading Architecture",
  year = "2014",
}

@inproceedings{Chowdhury2012,
  author = "Mostafa Zaman Chowdhury and Sung Hun Chae and Yeong Min Jang",
  booktitle = "International Conference on Ubiquitous and Future Networks (ICUFN)",
  month = "Jul",
  doi = "10.1109/ICUFN.2012.6261685",
  organization = "IEEE",
  pages = "162-165",
  title = "Group Handover Management in Mobile Femtocellular Network Deployment",
  year = "2012",
}

@inproceedings{Corici2010,
  author = "Corici, Marius and Vingarzan, Dragos and Magedanz, Thomas",
  booktitle = "Telecommunications: The Infrastructure for the 21st Century (WTC)",
  month = "Sep",
  pages = "1-6",
  publisher = "VDE",
  title = "{3GPP Evolved Packet Core} -- the Mass Wireless Broadband {all-IP} architecture",
  year = "2010",
}

@inproceedings{Dely2011,
  author = "Dely, Peter and Kassler, Andreas and Bayer, Nico",
  booktitle = "International Conference on Computer Communications and Networks (ICCCN)",
  doi = "10.1109/ICCCN.2011.6006100",
  month = "Jul",
  organization = "IEEE",
  pages = "1-6",
  title = "{OpenFlow} for wireless mesh networks",
  year = "2011",
}

@inproceedings{Donatini2014,
  author = "Lisa Donatini and Rosario G. Garroppo and Stefano Giordano and Gregorio Procissi and Simone Roma and Gianluca Foddis and Simone Topazzi",
  booktitle = "Mediterranean Electrotechnical Conference (MELECON)",
  doi = "10.1109/MELCON.2014.6820557",
  month = "Apr",
  organization = "IEEE",
  pages = "339-343",
  title = "Advances in {LTE} network monitoring: A step towards an {SDN} solution",
  year = "2014",
}

@inproceedings{Dramitinos2013,
  author = "Manos Dramitinos and Miroslaw Kantor and Nan Zhang and Jose Costa-Requena and Ioanna Papafili",
  booktitle = "International Conference on Network and Service Management (CNSM)",
  doi = "10.1109/CNSM.2013.6727862",
  month = "Oct",
  organization = "IEEE",
  pages = "386-393",
  title = "Video Delivery over Next Generation Cellular Networks",
  year = "2013",
}

@inproceedings{Eckert2013,
  author = "Marcus Eckert and Thomas Martin Knoll",
  booktitle = "Advances in Communication Networking",
  doi = "10.1007/978-3-642-40552-5_11",
  month = "Aug",
  pages = "112-123",
  publisher = "Springer Berlin Heidelberg",
  series = "Lecture Notes in Computer Science",
  title = "{QoE} Management Framework for Internet Services in {SDN} Enabled Mobile Networks",
  volume = "8115",
  year = "2013",
}

@inproceedings{Einsiedler2015,
  author = "Einsiedler, Hans-Joachim and Gavras, Anastasius and Sellstedt, Patrick and Aguiar, Rui and Trivisonno, Riccardo and Lavaux, Damien",
  booktitle = "European Conference on Networks and Communications (EuCNC)",
  doi = "10.1109/EuCNC.2015.7194105",
  month = "Jun",
  organization = "IEEE",
  pages = "391--396",
  title = "System design for {5G} converged networks",
  year = "2015",
}

@inproceedings{Fernandes2014,
  author = "Eder Leão Fernandes and Christian Esteve Rothenberg",
  booktitle = "Simpósio Brasileiro de Redes de Computadores (SBRC)",
  month = "May",
  organization = "SBC",
  pages = "1021-1028",
  title = "{OpenFlow} 1.3 Software Switch",
  year = "2014",
}

@inproceedings{Fontes2015,
  author = "Ramon R. Fontes and Samira Afzal and Samuel H. B. Brito and Mateus A. S. Santos and Christian Esteve Rothenberg",
  booktitle = "International Conference on Network and Service Management (CNSM)",
  month = "Nov",
  organization = "IEEE",
  pages = "1-6",
  title = "{Mininet-WiFi}: Emulating Software-Defined Wireless Networks",
  year = "2015",
}

@inproceedings{Gan2013,
  author = "Gan, Chai-Hien and Lin, Yung-Chun and Yang, Shun-Neng and Lin, Yi-Bing",
  booktitle = "International Conference on Innovative Mobile and Internet Services in Ubiquitous Computing (IMIS)",
  doi = "10.1109/IMIS.2013.13",
  month = "Jul",
  organization = "IEEE",
  pages = "19-23",
  title = "A Seamless Multi-link Switch Solution for {LTE and Wi-Fi} Integrated Networks",
  year = "2013",
}

@inproceedings{Ghazisaeedi2013,
  author = "Ebrahim Ghazisaeedi and Rahim Tafazolli",
  booktitle = "Globecom Workshops (GC Wkshps)",
  doi = "10.1109/GLOCOMW.2013.6825091",
  month = "Dec",
  organization = "IEEE",
  pages = "824-829",
  title = "Mobile core traffic balancing by {OpenFlow} switching system",
  year = "2013",
}

@inproceedings{Gomez2014,
  author = "Gomez, Karina and Rasheed, Tinku and Reynaud, Laurent and Goratti, Leonardo",
  booktitle = "Network Operations and Management Symposium (NOMS)",
  doi = "10.1109/NOMS.2014.6838344",
  month = "May",
  organization = "IEEE",
  pages = "1-4",
  title = "{FME: A Flexible Management Entity} for Virtualizing {LTE Evolved Packet Core}",
  year = "2014",
}

@inproceedings{Gudipati2013,
  author = "Gudipati, Aditya and Perry, Daniel and Li, Li Erran and Katti, Sachin",
  booktitle = "SIGCOMM Workshop on Hot Topics in Software Defined Networking (HotSDN)",
  doi = "10.1145/2491185.2491207",
  organization = "ACM",
  pages = "25-30",
  title = "{SoftRAN}: Software defined radio access network",
  year = "2013",
}

@inproceedings{Guerzoni2014,
  author = "R. Guerzoni and R. Trivisonno and D. Soldani",
  booktitle = "International Conference on 5G for Ubiquitous Connectivity (5GU)",
  doi = "10.4108/icst.5gu.2014.258052",
  month = "Nov",
  organization = "IEEE",
  pages = "209-214",
  title = "{SDN-Based} Architecture and Procedures for {5G} Networks",
  year = "2014",
}

@inproceedings{Guimaraes2013,
  author = "Guimarães, Carlos and Corujo, Daniel and Aguiar, Rui L. and Silva, Flávio and Frosi, Pedro",
  booktitle = "Global Communications Conference (GLOBECOM)",
  doi = "10.1109/GLOCOM.2013.6831402",
  month = "Dec",
  organization = "IEEE",
  pages = "2204-2209",
  title = "Empowering Software Defined Wireless Networks Through Media Independent Handover Management",
  year = "2013",
}

@inproceedings{Guo2007,
  author = "Junqiang Guo and Fasheng Liu and Zhiqiang Zhu",
  booktitle = " International Conference on Wireless Communications, Networking and Mobile Computing (WiCom)",
  doi = "10.1109/WICOM.2007.742",
  month = "Sep",
  organization = "IEEE",
  pages = "2988-2991",
  title = "Estimate the Call Duration Distribution Parameters in {GSM} System Based on {K-L} Divergence Method",
  year = "2007",
}

@inproceedings{Gurusanthosh2013,
  author = "Gurusanthosh, P and Rostami, A and Manivasakan, R",
  booktitle = "International Conference on Selected Topics in Mobile and Wireless Networking (MoWNeT)",
  doi = "10.1109/MoWNet.2013.6613809",
  month = "Aug",
  organization = "IEEE",
  pages = "133-139",
  title = "{SDMA}: A semi-distributed mobility anchoring in {LTE} networks",
  year = "2013",
}

@inproceedings{Hahn2011,
  author = "Hahn, Wolfgang",
  booktitle = "International Conference on ITS Telecommunications (ITST)",
  doi = "10.1109/ITST.2011.6060065",
  month = "Aug",
  pages = "264-267",
  organization = "IEEE",
  title = "{3GPP Evolved Packet Core} support for distributed mobility anchors: Control enhancements for {GW} relocation",
  year = "2011",
}

@inproceedings{Hamchaoui2014,
  author = "Isabelle Hamchaoui and William Diego and Sébastien Jobert",
  booktitle = "Wireless Communications and Networking Conference (WCNC)",
  doi = "10.1109/WCNC.2014.6952827",
  month = "Apr",
  organization = "IEEE",
  pages = "2653-2658",
  title = "{IP centric QoS} model for mobile networks -- Packet based {QoS} management for Intra-bearer arrangements",
  year = "2014",
}

@inproceedings{Hampel2013,
  author = "Hampel, Georg and Steiner, Moritz and Bu, Tian",
  booktitle = "Conference on Computer Communications Workshops (INFOCOM WKSHPS)",
  doi = "10.1109/INFCOMW.2013.6562893",
  month = "Apr",
  organization = "IEEE",
  pages = "133-138",
  title = "Applying software-defined networking to the telecom domain",
  year = "2013",
}

@inproceedings{Heinonen2014,
  author = "Johanna Heinonen and Tapio Partti and Marko Kallio and Kari Lappalainen and Hannu Flinck and Jarmo Hillo",
  booktitle = "Workshop on All Things Cellular: Operations, Applications, \& Challenges (AllThingsCellular)",
  doi = "10.1145/2627585.2627587",
  organization = "ACM",
  pages = "27-32",
  title = "Dynamic Tunnel Switching for {SDN-Based} Cellular Core Networks",
  year = "2014",
}

@inproceedings{Jeong2012,
  author = "Jeong, Kwangtae and Kim, Jinwook and Kim, Young-Tak",
  booktitle = "Network Operations and Management Symposium (NOMS)",
  doi = "10.1109/NOMS.2012.6212044",
  month = "Apr",
  organization = "IEEE",
  pages = "1167-1174",
  title = "{QoS-aware} network operating system for software defined networking with generalized {OpenFlows}",
  year = "2012",
}

@inproceedings{Jin2013a,
  author = "Jin, Xin and Li, Li Erran and Vanbever, Laurent and Rexford, Jennifer",
  booktitle = "Conference on Emerging Networking Experiments and Technologies (CoNEXT)",
  doi = "10.1145/2535372.2535377",
  organization = "ACM",
  pages = "163-174",
  title = "{SoftCell}: scalable and flexible cellular core network architecture",
  year = "2013",
}

@inproceedings{Karimzadeh2014,
  author = "Morteza Karimzadeh and Luca Valtulina and Georgios Karagiannis",
  booktitle = "International Conference on Cloud Computing and Services Science (CLOSER)",
  doi = "10.5220/0004946106390644",
  month = "Apr",
  organization = "INSTICC",
  pages = "639--644",
  title = "Applying {SDN/OpenFlow} in Virtualized {LTE} to support {Distributed Mobility Management (DMM)}",
  year = "2014",
}

@inproceedings{Kempf2012a,
  author = "Kempf, James and Johansson, Bengt and Pettersson, Sten and Luning, Harald and Nilsson, Tord",
  booktitle = "International Conference on Wireless and Mobile Computing, Networking and Communications (WiMob)",
  doi = "10.1109/WiMOB.2012.6379165",
  month = "Oct",
  organization = "IEEE",
  pages = "784-791",
  title = "Moving the mobile evolved packet core to the cloud",
  year = "2012",
}

@inproceedings{Kempf2011,
  author = "James Kempf and Scott Whyte and Jonathan Ellithorpe and Peyman Kazemian and Mart Haitjema and Neda Beheshti and Stephen Stuart and Howard Green",
  booktitle = "International Teletraffic Congress (ITC)",
  organization = "ACM",
  pages = "8-14",
  title = "{OpenFlow MPLS} and the open source label switched router",
  year = "2011",
}

@inproceedings{Kuklinski2014b,
  author = "Slawomir Kuklinski and Yuhong Li and Khoa Truong Dinh",
  booktitle = "Globecom Workshops (GC Wkshps)",
  doi = "10.1109/GLOCOMW.2014.7063430",
  month = "Dec",
  organization = "IEEE",
  pages = "194-200",
  title = "Handover Management in {SDN-based} Mobile Networks",
  year = "2014",
}

@inproceedings{Lee2013,
  author = "Lee, Jong-Hyouk and Yan, Zhiwei and Bonnin, Jean-Marie and Lagrange, Xavier",
  booktitle = "International Symposium on Personal Indoor and Mobile Radio Communications (PIMRC)",
  doi = "10.1109/PIMRC.2013.6666660",
  month = "Sep",
  organization = "IEEE",
  pages = "2995-3000",
  title = "Dynamic tunneling for network-based distributed mobility management coexisting with {PMIPv6}",
  year = "2013",
}

@inproceedings{Letourneux2013,
  author = "Letourneux, Florian and Corre, Yoann and Suteau, Erwan and Lostanlen, Yves",
  booktitle = "International Conference on Communications (ICC)",
  doi = "10.1109/ICC.2013.6655412",
  organization = "IEEE",
  pages = "5209-5213",
  title = "{3D} Performance analysis of a heterogeneous {LTE} network with indoor small-cells in a real urban environment",
  year = "2013",
  month = "Jun",
}

@inproceedings{Li2011,
  author = "Li Li and Subin Shen",
  booktitle = "Asia-Pacific Network Operations and Management Symposium (APNOMS)",
  doi = "10.1109/APNOMS.2011.6076988",
  month = "Sep",
  organization = "IEEE",
  pages = "1-4",
  title = "{End-to-End QoS} Performance Management Across {LTE} Networks",
  year = "2011",
}

@inproceedings{Li2012,
  author = "Li, Li Erran and Mao, Z Morley and Rexford, Jennifer",
  booktitle = "European Workshop on Software Defined Networking (EWSDN)",
  doi = "10.1109/EWSDN.2012.28",
  month = "Oct",
  organization = "IEEE",
  pages = "7-12",
  title = "Toward software-defined cellular networks",
  year = "2012",
}

@inproceedings{Lim2012,
  author = "Lim, Wansu and Milosavljevic, Milos and Kourtessis, Pandelis and John, M",
  booktitle = "International Conference on Transparent Optical Networks (ICTON)",
  doi = "10.1109/ICTON.2012.6253745",
  organization = "IEEE",
  pages = "1-4",
  title = "{QoS} mapping for {LTE} backhauling over {OFDMA-PONs}",
  year = "2012",
  month = "Jul",
}

@inproceedings{Lin2012,
  author = "Lin, Haizhuo and Sun, Lujing and Fan, Yuntao and Guo, Suiming",
  booktitle = "International Conference on Consumer Electronics, Communications and Networks (CECNet)",
  doi = "10.1109/CECNet.2012.6202066",
  month = "Apr",
  organization = "IEEE",
  pages = "916-919",
  title = "Apply embedded {OpenFlow MPLS} technology on wireless {OpenFlow -- OpenRoads}",
  year = "2012",
}

@inproceedings{Melo2010,
  author = "Melo, Pedro O. S. Vaz de and Leman Akoglu and Christos Faloutsos and Antonio A. F. Loureiro",
  booktitle = "Machine Learning and Knowledge Discovery in Databases",
  doi = "10.1007/978-3-642-15939-8_23",
  month = "Sep",
  publisher = "Springer Berlin Heidelberg",
  pages = "354-369",
  series = "Lecture Notes in Computer Science", 
  title = "Surprising Patterns for the Call Duration Distribution of Mobile Phone Users",
  volume = "6323",
  year = "2010",
}

@inproceedings{Mueller2013,
  author = "Mueller, Julius and Wierz, Andreas and Vingarzan, Dragos and Magedanz, Thomas",
  booktitle = "International Conference on Computer Communications and Networks (ICCCN)",
  doi = "10.1109/ICCCN.2013.6614131",
  month = "Aug",
  organization = "IEEE",
  pages = "1-6",
  title = "Elastic Network Design and Adaptive Flow Placement in {Software Defined Networks}",
  year = "2013",
}

@inproceedings{Mueller2014,
  author = "Julius Mueller and Yuwen Chen and Benjamin Reichel and Valentin Vlad and Thomas Magedanz",
  booktitle = "Network Operations and Management Symposium (NOMS)",
  doi = "10.1109/NOMS.2014.6838415",
  month = "May",
  organization = "IEEE",
  pages = "1-7",
  title = "Design and implementation of a Carrier Grade Software Defined Telecommunication Switch and Controller",
  year = "2014",
}

@inproceedings{Nagaraj2014,
  author = "Nagaraj, Kanthi and Katti, Sachin",
  booktitle = "Workshop on Hot Topics in Software Defined Networking (HotSDN)",
  doi = "10.1145/2620728.2620761",
  month = "Aug",
  organization = "ACM",
  pages = "43-48",
  title = "{ProCel}: Smart Traffic Handling for a Scalable Software {EPC}",
  year = "2014",
}

@inproceedings{Naous2008,
  author = "Naous, Jad and Erickson, David and Covington, G. Adam and Appenzeller, Guido and McKeown, Nick",
  booktitle = "Symposium on Architectures for Networking and Communications Systems (ANCS)",
  doi = "10.1145/1477942.1477944",
  organization = "ACM",
  pages = "1-9",
  title = "Implementing an {OpenFlow} Switch on the {NetFPGA} Platform",
  year = "2008",
}

@inproceedings{Naudts2012,
  author = "Naudts, Bram and Kind, Mario and Westphal, F and Verbrugge, Sofie and Colle, Didier and Pickavet, Mario",
  booktitle = "European Workshop on Software Defined Networking (EWSDN)",
  doi = "10.1109/EWSDN.2012.27",
  organization = "IEEE",
  pages = "67-72",
  title = "Techno-economic analysis of software defined networking as architecture for the virtualization of a mobile network",
  year = "2012",
  month = "Oct",
}

@inproceedings{Nguyen2014,
  author = "Van Giang Nguyen and Young Han Kim",
  booktitle = "International Symposium on Wireless Communications Systems (ISWCS)",
  doi = "10.1109/ISWCS.2014.6933481",
  month = "Aug",
  organization = "IEEE",
  pages = "901-904",
  title = "Slicing the Next Mobile Packet Core Network",
  year = "2014",
}

@inproceedings{Osmani2014,
  author = "Lirim Osmani and Heikki Lindholm and Binoy Chemmagate and Ashwin Rao and Sasu Tarkoma and Johanna Heinonen and Hannu Flinck",
  booktitle = "CoNEXT on Student Workshop",
  doi = "10.1145/2680821.2680832",
  organization = "ACM",
  pages = "43-45",
  title = "Building Blocks for an Elastic Mobile Core",
  year = "2014",
}

@inproceedings{Ozturk2013,
  author = "Ozturk, Ozcan and Vajapeyam, Madhavan",
  booktitle = "Global Communications Conference (GLOBECOM)",
  doi = "10.1109/GLOCOM.2013.6831301",
  organization = "IEEE",
  title = "Performance of {VoLTE} and Data Traffic in {LTE} Heterogeneous Networks",
  year = "2013",
  month = "Dec",
  pages = "1595-1601",
}

@inproceedings{Potsch2013,
  author = "Potsch, T and Khan Marwat, SN and Zakit, Y and Gorg, C",
  booktitle = "Joint IFIP Wireless and Mobile Networking Conference (WMNC)",
  doi = "10.1109/WMNC.2013.6549000",
  organization = "IEEE",
  pages = "1-4",
  title = "Influence of Future {M2M} Communication on the {LTE} system",
  year = "2013",
  month = "Apr",
}

@inproceedings{Pries2012,
  author = "Rastin Pries and Zsolt Magyari and Phuoc Tran-Gia",
  booktitle = "EURO-NGI Conference on Next Generation Internet (NGI)",
  doi = "10.1109/NGI.2012.6252145",
  month = "Jun",
  organization = "IEEE",
  pages = "133-139",
  title = "An {HTTP} Web Traffic Model Based on the Top One Million Visited Web Pages",
  year = "2012",
}

@inproceedings{Puttonen2008,
  author = "Jani Puttonen and Tero Henttonen and Niko Kolehmainen and Kennett Aschan and Martti Moisio and Petteri Kela",
  booktitle = "Vehicular Technology Conference (VTC)",
  doi = "10.1109/VETECS.2008.551",
  month = "May",
  organization = "IEEE",
  pages = "2502-2506",
  title = "{Voice-over-IP} Performance in {UTRA Long Term Evolution} Downlink",
  year = "2008",
}

@inproceedings{Rejeb2013,
  author = "Sonia Ben Rejeb and Nidal Nasser and Sami Tabbane",
  booktitle = "Global Communications Conference (GLOBECOM)",
  doi = "10.1109/GLOCOMW.2013.6855724",
  organization = "IEEE",
  title = "Admission Control Strategies and {QoS} Evaluation Based on Mobility in {LTE}",
  year = "2013",
  month = "Dec",
  pages = "4883-4888",
}

@inproceedings{CostaRequena2014,
  author = "Costa-Requena, Jose",
  booktitle = "International Conference on Information Networking (ICOIN)",
  doi = "10.1109/ICOIN.2014.6799479",
  month = "Feb",
  organization = "IEEE",
  pages = "264-269",
  title = "{SDN} integration in {LTE} mobile backhaul networks",
  year = "2014",
}

@inproceedings{Rotsos2012,
  author = "Charalampos Rotsos and Nadi Sarrar and Steve Uhlig and Rob Sherwood and Andrew W. Moore",
  booktitle = "Passive and Active Measurement",
  doi = "10.1007/978-3-642-28537-0_9",
  month = "Mar",
  publisher = "Springer Berlin Heidelberg",
  pages = "85-95",
  series = "Lecture Notes in Computer Science", 
  title = "{OFLOPS}: An Open Framework for {OpenFlow} Switch Evaluation",
  volume = "7192",
  year = "2012",
}

@inproceedings{Said2013,
  author = "Said, Siwar and Sama, Malla Reddy and Guillouard, Karine and Suciu, Lucian and Simon, Gwendal and Lagrange, Xavier and Bonnin, Jean-Marie",
  booktitle = "International Conference on Cloud Networking (CloudNet)",
  doi = "10.1109/CloudNet.2013.6710579",
  month = "Nov",
  organization = "IEEE",
  pages = "205-209",
  title = "New control plane in {3GPP LTE/EPC} architecture for on-demand connectivity service",
  year = "2013",
}

@inproceedings{Sama2014,
  author = "Malla Reddy Sama and Siwar Ben Hadj Said and Karine Guillouard and Lucian Suciu",
  booktitle = "International Symposium on Modeling and Optimization in Mobile, Ad Hoc, and Wireless Networks (WiOpt)",
  doi = "10.1109/WIOPT.2014.6850324",
  month = "May",
  organization = "IEEE",
  pages = "389-396",
  title = "Enabling network programmability in {LTE/EPC} architecture using {OpenFlow}",
  year = "2014",
}

@inproceedings{Samdanis2013,
  author = "Samdanis, Konstantinos and Kunz, Andreas and Hossain, Mohammad Istiak and Taleb, Tarik",
  booktitle = "International Symposium on Personal Indoor and Mobile Radio Communications (PIMRC)",
  doi = "10.1109/PIMRC.2013.6666620",
  organization = "IEEE",
  pages = "2780-2785",
  title = "Virtual bearer management for efficient {MTC} radio and backhaul sharing in {LTE} networks",
  year = "2013",
  month = "Sep",
}

@inproceedings{Sato2015,
  author = "Tatsuya Sato and Shingo Ata and Ikuo Oka and Yasuhiro Sato",
  booktitle = "International Conference on Network and Service Management (CNSM)",
  month = "Nov",
  organization = "IEEE",
  pages = "1-9",
  title = "Abstract Model of {SDN} Architectures Enabling Comprehensive Performance Comparisons",
  year = "2015",
}

@inproceedings{Savarese2013,
  author = "Savarese, G and Vaser, M and Ruggieri, M",
  booktitle = "International Symposium on Wireless Personal Multimedia Communications (WPMC)",
  organization = "IEEE",
  pages = "1-6",
  title = "{A Software Defined Networking-based} context-aware framework combining {4G} cellular networks with {M2M}",
  year = "2013",
  month = "Jun",
}

@inproceedings{Seshadri2008,
  author = "Seshadri, Mukund and Machiraju, Sridhar and Sridharan, Ashwin and Bolot, Jean and Faloutsos, Christos and Leskove, Jure",
  booktitle = "International Conference on Knowledge Discovery and Data Mining (KDD)",
  doi = "10.1145/1401890.1401963",
  organization = "ACM",
  pages = "596-604",
  title = "Mobile call graphs: beyond power-law and lognormal distributions",
  year = "2008",
}

@inproceedings{Shanmugalingam2014,
  author = "Sivasothy Shanmugalingam and Philippe Bertin",
  booktitle = "Symposium on Computers and Communication Workshops (ISCC)",
  doi = "10.1109/ISCC.2014.6912629",
  month = "Jun",
  organization = "IEEE",
  pages = "1-7",
  title = "Programmable Mobile Core Network",
  year = "2014",
}

@inproceedings{Simsek2013,
  author = "Simsek, Meryem and Bennis, Mehdi and Debbah, Merouane and Czylwik, Andreas",
  booktitle = "International Conference on Communications (ICC)",
  doi = "10.1109/ICC.2013.6655411",
  organization = "IEEE",
  pages = "5204-5208",
  title = "Rethinking offload: How to intelligently combine {WiFi} and small cells?",
  year = "2013",
  month = "Jun",
}

@inproceedings{Siomina2008,
  author = "Iana Siomina and Stefan Wa ̈nstedt",
  booktitle = "International Symposium on Personal, Indoor and Mobile Radio Communications (PIMRC)",
  doi = "10.1109/PIMRC.2008.4699672",
  month = "Sep",
  organization = "IEEE",
  pages = "1-5",
  title = "The Impact of {QoS} Support on the End User Satisfaction in {LTE} Networks with Mixed Traffic",
  year = "2008",
}

@inproceedings{Tanyingyong2010,
  author = "Tanyingyong, Voravit and Hidell, Markus and Sjodin, Peter",
  booktitle = "Symposium on Architectures for Networking and Communications Systems (ANCS)",
  doi = "10.1145/1872007.1872023",
  organization = "ACM",
  pages = "1-2",
  title = "Improving {PC-based OpenFlow} Switching Performance",
  year = "2010",
}

@inproceedings{Tomici2015,
  author = "John Tomici and Michael Starsinic and Ahmed S. Ibrahim Mohamed and Qing Li",
  booktitle = "Wireless Communications and Networking Conference (WCNC)",
  month = "Mar",
  organization = "IEEE",
  pages = "1261-1266",
  title = "Integrated Small Cell and {Wi-Fi} Networks",
  year = "2015",
  doi = "10.1109/WCNC.2015.7127650",
}

@inproceedings{Truong2013,
  author = "Huong-Truong, Thu and Thanh, Nguyen Huu and Hung, Nguyen Tai and Mueller, Julius and Magedanz, Thomas",
  booktitle = "Workshop on Local \& Metropolitan Area Networks (LANMAN)",
  doi = "10.1109/LANMAN.2013.6528284",
  organization = "IEEE",
  pages = "1-3",
  title = "{QoE-aware} resource provisioning and adaptation in {IMS-based IPTV using OpenFlow}",
  year = "2013",
  month = "Apr",
}

@inproceedings{Valtulina2014,
  author = "Luca Valtulina and Morteza Karimzadeh and Georgios Karagiannis and Geert Heijenk and Aiko Pras",
  booktitle = "Globecom Workshops (GC Wkshps)",
  doi = "10.1109/GLOCOMW.2014.7063379",
  month = "Dec",
  organization = "IEEE",
  pages = "18-23",
  title = "Performance evaluation of a {SDN/OpenFlow-based Distributed Mobility Management (DMM)} approach in virtualized {LTE} systems",
  year = "2014",
}

@inproceedings{Venmani2012a,
  author = "Venmani, Daniel Philip and Zeghlache, Djamal and Gourhant, Yvon",
  booktitle = "International Conference on New Technologies, Mobility and Security (NTMS)",
  doi = "10.1109/NTMS.2012.6208711",
  organization = "IEEE",
  pages = "1-8",
  title = "Demystifying link congestion in {4G-LTE} backhaul using {OpenFlow}",
  year = "2012",
  month = "May",
}

@inproceedings{Venmani2012b,
  author = "Venmani, Daniel Philip and Gourhant, Yvon and Zeghlache, Djamal",
  booktitle = "e-Infrastructure and e-Services for Developing Countries",
  doi = "10.1007/978-3-642-29093-0_5",
  pages = "49-63",
  publisher = "Springer Berlin Heidelberg",
  title = "{OpenFlow} as an Architecture for {e-Node B} Virtualization",
  year = "2012",
  series = "Lecture Notes of the Institute for Computer Sciences, Social Informatics and Telecommunications Engineering",
  volume = "92"
}

@inproceedings{Woesner2013,
  author = "Woesner, Hagen and Fritzsche, Daniel",
  booktitle = "Optical Fiber Communication Conference and Exposition and the National Fiber Optic Engineers Conference (OFC/NFOEC)",
  organization = "IEEE",
  title = "{SDN and OpenFlow} for converged access/aggregation networks",
  year = "2013",
  month = "Mar",
  pages = "1-3",
}

@inproceedings{Yap2009,
  author = "Yap, Kok-Kiong and Kobayashi, Masayoshi and Underhill, David and Seetharaman, Srinivasan and Kazemian, Peyman and McKeown, Nick",
  booktitle = "International Workshop on Experimental Evaluation and Characterization (WINTECH)",
  doi = "10.1145/1614293.1614304",
  organization = "ACM",
  pages = "59-66",
  title = "The {Stanford OpenRoads} deployment",
  year = "2009",
}

@inproceedings{Yap2010b,
  author = "Yap, Kok-Kiong and Sherwood, Rob and Kobayashi, Masayoshi and Huang, Te-Yuan and Chan, Michael and Handigol, Nikhil and McKeown, Nick and Parulkar, Guru",
  booktitle = "SIGCOMM Workshop on Virtualized Infrastructure Systems and Architectures (VISA)",
  doi = "10.1145/1851399.1851404",
  organization = "ACM",
  pages = "25-32",
  title = "Blueprint for introducing innovation into wireless mobile networks",
  year = "2010",
}

@inproceedings{Zaki2013,
  author = "Zaki, Yasir and Weerawardane, Thushara and Hauth, Stephan and Wallmeier, Eugen and Gorg, Carmelita",
  booktitle = "International Symposium on Personal Indoor and Mobile Radio Communications (PIMRC)",
  doi = "10.1109/PIMRC.2013.6666675",
  organization = "IEEE",
  pages = "3077-3082",
  title = "Intelligent traffic enforcement for {LTE} backhaul",
  year = "2013",
  month = "Sep",
}

@inproceedings{Zhang2013,
  author = "Zhang, Rongqing and Song, Lingyang and Han, Zhu and Cheng, Xiang and Jiao, Bingli",
  booktitle = "International Conference on Communications (ICC)",
  doi = "10.1109/ICC.2013.6654797",
  organization = "IEEE",
  pages = "1889-1893",
  title = "Distributed resource allocation for device-to-device communications underlaying cellular networks",
  year = "2013",
  month = "Jun",
}

@inproceedings{Zhang2015a,
  author = "Nan Zhang and Heikki Hammainen",
  booktitle = "International Conference and Workshops on Networked Systems (NetSys)",
  doi = "10.1109/NetSys.2015.7089056",
  month = "Mar",
  organization = "IEEE",
  pages = "1-5",
  title = "Cost Efficiency of {SDN in LTE-based} Mobile Networks: Case {Finland}",
  year = "2015",
}

@inproceedings{Zhang2015b,
  author = "Jiaxin Zhang and Jian Feng and Chang Liu and Xuefen Hong and Xing Zhang and Wenbo Wang",
  booktitle = "Wireless Communications and Networking Conference (WCNC)",
  month = "Mar",
  organization = "IEEE",
  pages = "1793-1798",
  title = "Mobility enhancement and performance evaluation for {5G} Ultra dense Networks",
  year = "2015",
  doi = "10.1109/WCNC.2015.7127740",
}

% 3GPP, ONF and IEEE standards
@techreport{3gpp23203,
  institution = "{3rd Generation Partnership Project}",
  author = "{3GPP 23.203}",
  number = "23.203",
  title = "{Digital cellular telecommunications system (Phase 2+); Universal Mobile Telecommunications System (UMTS); LTE; Policy and charging control architecture}",
  type = "3GPP TS",
  year = "2015",
}

@techreport{3gpp23401,
  institution = "{3rd Generation Partnership Project}",
  author = "{3GPP 23.401}",
  number = "23.401",
  title = "{LTE; General Packet Radio Service (GPRS) enhancements for Evolved Universal Terrestrial Radio Access Network (E-UTRAN) access}",
  type = "3GPP TS",
  year = "2015",
}

@techreport{3gpp24008,
  institution = "{3rd Generation Partnership Project}",
  author = "{3GPP 24.008}",
  number = "24.008",
  title = "{Digital cellular telecommunications system (Phase 2+); Universal Mobile Telecommunications System (UMTS); LTE; Mobile radio interface Layer 3 specification; Core network protocols; Stage 3}",
  type = "3GPP TS",
  year = "2014",
}

@techreport{3gpp24301,
  institution = "{3rd Generation Partnership Project}",
  author = "{3GPP 24.301}",
  number = "24.301",
  title = "{Universal Mobile Telecommunications System (UMTS); LTE; Non-Access-Stratum (NAS) protocol for Evolved Packet System (EPS); Stage 3}",
  type = "3GPP TS",
  year = "2015",
}

@techreport{3gpp29060,
  institution = "{3rd Generation Partnership Project}",
  author = "{3GPP 29.060}",
  number = "29.060",
  title = "{Digital cellular telecommunications system (Phase 2+); Universal Mobile Telecommunications System (UMTS); General Packet Radio Service (GPRS); GPRS Tunnelling Protocol (GTP) across the Gn and Gp interface}",
  type = "3GPP TS",
  year = "2015",
}

@techreport{3gpp29274,
  institution = "{3rd Generation Partnership Project}",
  author = "{3GPP 29.274}",
  number = "29.274",
  title = "{3GPP Evolved Packet System (EPS); Evolved General Packet Radio Service (GPRS) Tunnelling Protocol for Control plane (GTPv2-C); Stage 3}",
  type = "3GPP TS",
  year = "2015",
}

@techreport{3gpp29281,
  institution = "{3rd Generation Partnership Project}",
  author = "{3GPP 29.281}",
  number = "29.281",
  title = "{Universal Mobile Telecommunications System (UMTS); LTE; General Packet Radio System (GPRS) Tunnelling Protocol User Plane (GTPv1-U)}",
  type = "3GPP TS",
  year = "2015",
}

@techreport{3gpp36300,
  institution = "{3rd Generation Partnership Project}",
  author = "{3GPP 36.300}",
  number = "36.300",
  title = "{LTE; Evolved Universal Terrestrial Radio Access ({E-UTRA}) and Evolved Universal Terrestrial Radio Access Network ({E-UTRAN}); Overall description}",
  type = "3GPP TS",
  year = "2015",
}

@techreport{3gpp36321,
  institution = "{3rd Generation Partnership Project}",
  author = "{3GPP 36.321}",
  number = "36.321",
  title = "{LTE; Evolved Universal Terrestrial Radio Access (E-UTRA); Medium Access Control (MAC) protocol specification}",
  type = "3GPP TS",
  year = "2015",
}

@techreport{3gpp36322,
  institution = "{3rd Generation Partnership Project}",
  author = "{3GPP 36.322}",
  number = "36.322",
  title = "{LTE; Evolved Universal Terrestrial Radio Access (E-UTRA); Radio Link Control (RLC) protocol specification}",
  type = "3GPP TS",
  year = "2015",
}

@techreport{3gpp36323,
  institution = "{3rd Generation Partnership Project}",
  author = "{3GPP 36.323}",
  number = "36.323",
  title = "{LTE; Evolved Universal Terrestrial Radio Access (E-UTRA); Packet Data Convergence Protocol (PDCP) specification}",
  type = "3GPP TS",
  year = "2015",
}

@techreport{3gpp36331,
  institution = "{3rd Generation Partnership Project}",
  author = "{3GPP 36.331}",
  number = "36.331",
  title = "{LTE; Evolved Universal Terrestrial Radio Access (E-UTRA); Radio Resource Control (RRC); Protocol specification}",
  type = "3GPP TS",
  year = "2015",
}

@techreport{3gpp36413,
  institution = "{3rd Generation Partnership Project}",
  author = "{3GPP 36.413}",
  number = "36.413",
  title = "{LTE; Evolved Universal Terrestrial Radio Access Network (E-UTRAN); S1 Application Protocol (S1AP)}",
  type = "3GPP TS",
  year = "2015",
}

@techreport{8021d2004,
  institution = "IEEE Computer Society",
  author = "{IEEE 802.1D}",
  number = "802.1D-2004 (Revision of IEEE Std 802.1D-1998)",
  title = "{IEEE Standard for Local and metropolitan area networks: Media Access Control (MAC) Bridges}",
  type = "IEEE Std",
  year = "2004",
}

@techreport{ofs089,
  title = "{OpenFlow} Switch Specification",
  author = "{OpenFlow 0.8.9}",
  institution = "Open Networking Foundation",
  number = "v0.8.9",
  type = "{OpenFlow} Spec",
  year = "2008",
}

@techreport{ofs130,
  title = "{OpenFlow} Switch Specification",
  author = "{OpenFlow 1.3.0}",
  institution = "Open Networking Foundation",
  number = "v1.3.0",
  type = "{OpenFlow} Spec",
  year = "2012",
}

@techreport{ofs135,
  title = "{OpenFlow} Switch Specification",
  author = "{OpenFlow 1.3.5}",
  institution = "Open Networking Foundation",
  number = "v1.3.5",
  type = "{OpenFlow} Spec",
  year = "2015",
}

@techreport{ofs151,
  title = "{OpenFlow} Switch Specification",
  author = "{OpenFlow 1.5.1}",
  institution = "Open Networking Foundation",
  number = "v1.5.1",
  type = "{OpenFlow} Spec",
  year = "2015",
}


% RFCs
@misc{mpls,
  author = "MPLS",
  note = "{The standard is specified in several RFCs (see \url{http://datatracker.ietf.org/wg/mpls/documents/})}",
  title = "{Multiprotocol Label Switching: A standard for label-based forwarding in an IP network.}",
  year = "1996",
}

@techreport{rfc2474,
  author = "Kathleen Nichols and Steven Blake and Fred Baker and David L. Black",
  institution = "RFC Editor",
  number = "2474",
  title = "Definition of the {Differentiated Services Field (DS Field) in the IPv4 and IPv6} Headers",
  type = "RFC",
  year = "1998",
}

@techreport{rfc3246,
  author = "Bruce Davie and Anna Charny and John C. R. Bennet and Kent Benson and Jean-Yves Le Boudec and Bill Courtney and Shahram Davari and Victor Firoiu and Dimitrios Stiliadis",
  institution = {RFC Editor},
  number = "3246",
  title = "An {Expedited Forwarding PHB (Per-Hop Behavior)}",
  type = "RFC",
  year = "2002",
}


% Thesis
@mastersthesis{Bai2013,
  title = "Scenario Analysis on {LTE} mobile network virtualization",
  author = "Xue Bai",
  school = "Aalto University",
  year = "2013",
}

@mastersthesis{Muntaner2012,
  author = "Muntaner, Guillermo Romero de Tejada",
  school = "Kungliga Tekniska Hogskolan",
  title = "Evaluation of OpenFlow Controllers",
  year = "2012",
}

@mastersthesis{Ungureanu2014,
  author = "Ungureanu, Oana-Mihaela",
  school = "Delft University of Technology",
  title = "Flexible and Programmable Evolved Packet Core: A New {SDN}-based Model",
  year = "2014",
}

@phdthesis{Dely2012,
  title = "Architectures and Algorithms for Future Wireless Local Area Networks",
  author = "Peter Dely",
  school = "Karlstad University Studies",
  year = "2012",
}


% Books
@book{Dahlman2011,
  edition = "1",
  author = "Erik Dahlman and Stefan Parkvall and Johan Skold",
  publisher = "Academic Press, Elsevier",
  title = "{4G LTE/LTE-Advanced} for Mobile Broadband",
  year = "2011",
}

@book{Ghosh2011,
  edition = "1",
  author = "Amitabha Ghosh and Rapeepat Ratasuk",
  publisher = "Cambridge University Press",
  title = "Essentials of {LTE and LTE-A}",
  year = "2011",
}

@book{Medhi2007,
  edition = "2",
  author = "Deepankar Medhi and Karthikeyan Ramasamy",
  publisher = "Morgan Kayfmann",
  title = "Network Routing: Algoriths, Protocols and Architectures",
  year = "2007",
}

@book{Sesia2011,
  edition = "2",
  editor = "Stefania Sesia and Issam Toufik and Matthew Baker",
  publisher = "Wiley",
  title = "{LTE: The UMTS Long Term Evolution}: From Theory to Practice",
  year = "2011",
}

@book{Kurose2005,
  author = "James Kurose and Keith Ross",
  edition = {6},
  publisher = "Pearson Addison Wesley",
  title = "Computer Networking: A Top-Down Approach Featuring the Internet",
  year = "2005",
}

@misc{Dordal2015,
  title = "An introduction to computer networks",
  author = "Peter L. Dordal",
  howpublished = "Online",
  note = "Available at \url{http://intronetworks.cs.luc.edu/current/html/index.html}",
  year = "2015",
}


% White papers
@misc{Cisco2015,
  author = "{Cisco Systems, Inc.}",
  howpublished = "White Paper",
  title = "Cisco Visual Networking Index: Global Mobile Data Traffic Forecast Update, 2014–-2019",
  year = "2015",
}

@misc{Howard2011,
  author = "Howard, Michael",
  howpublished = "Infonetics Research White Paper",
  title = "Using Carrier Ethernet to Backhaul {LTE}",
  year = "2011",
}

@misc{Informa2013,
  author = "{Informa Telecoms \& Media}",
  howpublished = "White Paper",
  title = "Mobile {SDN}: The future is virtual",
  year = "2013",
}

@misc{Lucent2013,
  author = "{Alcatel-Lucent}",
  howpublished = "Application Note",
  title = "Backhaul considerations for {LTE and LTE-Advanced}",
  year = "2013",
}

@misc{Nadiv2010,
  author = "Ron Nadiv and Tzvika Naveh",
  howpublished = "Ceragon White Paper",
  title = "Wireless Backhaul Topologies: Analyzing Backhaul Topology Strategies",
  year = "2010",
}

@misc{Nfv2012,
  title = "Network Functions Virtualisation: An Introduction, Benefits, Enablers, Challenges \& Call for Action",
  howpublished = "White Paper",
  key = "{ETSI NFV}",
  year = "2012",
}

@misc{Onf2012,
  author = "{Open Networking Foundation}",
  howpublished = "ONF White Paper",
  title = "{Software-Defined Networking}: The New Norms for Networks",
  year = "2012",
}

@misc{Onf2013,
  author = "{Open Networking Foundation}",
  howpublished = "ONF Solution Brief",
  title = "{OpenFlow} Enabled Mobile and Wireless Networks",
  year = "2013",
}

@misc{Onf2014a,
  author = "{Open Networking Foundation}",
  howpublished = "ONF Solution Brief",
  title = "{OpenFlow-enabled SDN and Network Functions Virtualization}",
  year = "2014",
}

@misc{Onf2014b,
  author = "{Open Networking Foundation}",
  howpublished = "ONF Solution Brief",
  title = "{OpenFlow-enabled Transport SDN}",
  year = "2014",
}

@misc{Rao2011,
  author = "V. Srinivasa Rao and Rambabu Gajula",
  howpublished = "Radisys White Paper",
  title = "Protocol Signaling Procedures in {LTE}",
  year = "2011",
}

@misc{Sandvine2014,
  author = "Sandvine",
  howpublished = "White Paper",
  title = "{Quality of Service in LTE}",
  year = "2014",
}


% Web sites
@misc{ns3of2010,
  author = "Blake Hurd",
  howpublished = "Online",
  note = "Available at \url{http://www.nsnam.org/wiki/GSOC2010OpenFlow}",
  title = "{GSoC 2010 OpenFlow}",
  year = "2010",
}

@misc{mininet,
  key = "Mininet",
  howpublished = "Online",
  note = "Available at \url{http://www.mininet.org}",
  title = "Mininet: An Instant Virtual Network on your Laptop (or other {PC})",
  year = "2015",
}

@misc{ns3,
  key = "ns-3",
  howpublished = "Online",
  note = "Available at \url{http://www.nsnam.org}",
  title = "{ns-3 Network Simulator}",
  year = "2015",
}

@misc{lena,
  key = "LENA",
  howpublished = "Online",
  note = "Available at \url{http://networks.cttc.es/mobile-networks/software-tools/lena/}",
  title = "{LENA: LTE-EPC Network simulAtor}",
  year = "2015",
}

@misc{ofswitch13,
  author = "Luciano Jerez Chaves",
  howpublished = "Online",
  note = "Available at \url{http://www.lrc.ic.unicamp.br/ofswitch13}",
  title = "The {OpenFlow} 1.3 module for ns-3",
  year = "2015",
}

@misc{ofsoftswich13,
  author = "CPqD",
  howpublished = "Online",
  note = "Available at \url{http://cpqd.github.io/ofsoftswitch13/}",
  title = "{OpenFlow} 1.3 Software Switch",
  year = "2015",
}

@misc{Qualcomm2014,
  author = "Qualcomm",
  howpublished = "Online",
  note = "Available at \url{https://www.qualcomm.com/invention/technologies/1000x/small-cells}",
  title = "More small cells is the foundation of 1000x",
  year = "2014",
}

@misc{youtubeStats,
  author = "YouTube",
  howpublished = "Online",
  note = "Available at \url{https://www.youtube.com/yt/press/statistics.html}",
  title = "YouTube statistics",
  year = "2015",
}



% Others
@techreport{Chen2012,
  title = "Characterizing {4G and 3G} networks: Supporting mobility with multi-path {TCP}",
  author = "{Chen, Yung-Chih}",
  institution = "University of Massechusetts at Amherst",
  number = "UM-CS-2012-022",
  year = "2012",
}

@techreport{Liu2013,
  title = "Software-Defined Networking in Mobile Access Networks",
  author = "Yanhe Liu, Aaron Yi Ding, Sasu Tarkoma",
  institution = "University of Helsinki",
  number = "C-2013-1",
  year = "2013",
}

@misc{Kempf2012b,
  title = "Implementing {EPC} in a cloud computer with {OpenFlow} data plane",
  author = "Kempf, James and Johansson, Bengt E and Pettersson, Sten and Nilsson, Tord K and L{\"u}ning, Harald",
  year = "2012",
  month = "Nov",
  note = {US Patent Application 13/536,838}
}

